\begin{filecontents*}{bibliography.bib}
@misc{nike,
    author    = {StatisticBrain},
    title     = {Nike Company Statistics},
    year      = {2015},
    url       = {http://www.statisticbrain.com/nike-company-statistics/}
}

@article{crane,
    author =       {Jonathan Crane},
    title =        {The Epidemic Theory of Ghettos and Neighborhood Effects on Dropping Out and Teenage
Childbearing},
    journal =     {The American Journal of Sociology},
    volume =       {96},
    number =       {5},
    pages =       { 1226-1259},
    year =         {1991},
    url =          {http://www.uvm.edu/~pdodds/files/papers/others/1991/crane1991a.pdf}
}

@article{evans,
    author =       {William N. Evans and Wallace E. Oates and Robert M. Schwab},
    title =        {Measuring Peer Group Effects: A Study of Teenage Behavior},
    journal =      {The Journal of Political Economy},
    volume =       {100},
    number =       {5},
    pages =        {966-991},
    year =         {1992},
    URL =         {http://citeseerx.ist.psu.edu/viewdoc/download?doi=10.1.1.321.7855\&rep=rep1\&type=pdf}
}

@article{akerlof,
    author =       {George A. Akerlof},
    title =        {Social Distance and Social Decisions},
    journal =      {Econometrica},
    volume =       {65},
    number =       {5},
    pages =        {1005-1027},
    year =         {1992},
    URL =        {http://www.wcas.northwestern.edu/nescan/akerlof\_1997.pdf}
}

@article{young,
    author =       {Peyton Young},
    title =        {The Dynamics of Conformity},
    journal =      { Social Dynamics, Chapter 5},
    year =         {2001}
}

@article{schelling,
    author =       {Schelling, T. C.},
    title =        {Dynamic models of segregation},
    journal =      { Journal of Mathematical Sociology},
    volume =       {1},
    pages =        {143-186},
    year =         {1971}
}
 
@article{article1,
    author = {Hilary Osborne},
    title    = {Poor doors: the segregation of London's inner-city flat dwellers},
    volume ={The Guardian},
    year      = {2014},
    url       = {http://www.theguardian.com/society/2014/jul/25/poor-doors
-segregation-london-flats}
}

@article{article2,
    author  ={Dave Hill},
    title    = {What would a ban on 'poor doors' achieve?},
    volume ={The Guardian},
    year      = {2015},
    url       = {http://www.theguardian.com/uk-news/davehillblog/2015/aug/03/london
-housing-what-would-a-ban-on-poor-doors-achieve}
}

@misc{guardian,
    author    = {TheGuardian},
    title     = {British national daily newspaper},
    url       = {http://www.theguardian.com/uk}
}

@article{bedau_weakEmergence,
    author =       {Mark A. Bedau},
    title =        {Weak Emergence},
    journal =      { Noûs},
    volume =       {31},
    pages =        {375–399},
    year =         {1997},
    DOI =         {10.1111/0029-4624.31.s11.17}
}

@article{bedau_downwardCausation,
    author =       {Mark A. Bedau},
    title =        {Downward Causation and the Autonomy of Weak Emergence},
    journal =      { Principia Revista Internacional de Epistemologica},
    volume =       {6},
    pages =        {5-50},
    year =         {2003}
}

@article{baker_defEmergence,
    author =       {Alan Baker},
    title =        {Simulation-Based Definitions of  Emergence},
    journal =      { Journal  of  Artificial  Societies  and  Social  Simulation},
    volume =       {13},
    year =         {2010},
    DOI =          {10.18564/jasss.1531}
}

@article{segregation,
    author =       {Wikipedia},
    title =        {Definition of segregation},
    URL =          {https://en.wikipedia.org/wiki/Racial\_segregation}
}

@article{whyAgents,
    author =       {Robert Axtell},
    title =        {Why agents? On the varied motivations for agent computing in the social sciences},
    journal =      { Center on Social and Economic Dynamics},
    volume =       {Working Paper No. 17},
    year =         {2000},
    URL =          {http://www.brookings.edu/es/dynamics/papers/agents/agents.pdf}
}

@article{mayer,
    author =       {A. J. Mayer},
    title =        {Change Without Conflict: A Case Study of Neighborhood Racial
Change in Detroit.},
    journal =      { Studies in Housing and Minority Groups},
    pages =        {198-220},
    year =         {1960}
}

@article{Multi-AgentBargainingModel,
    author =       {Robert  Axtell and Joshua  Epstein  and  Peyton  Young},
    title =        {The  Emergence  of  Classes  in  a  Multi-Agent  Bar-gaining Model},
    journal =      { Social Dynamics, Chapter 7},
    year =         {2001}
}

@article{yinger,
    author =       {J. Yinger},
    title =        {Closed doors, opportunities lost: the continuing costs of housing discrimination},
    journal =      { Russel Sage Foundation},
    year =         {1997}
}

@article{DynamicsofConformity,
    author =       {Peyton Young},
    title =        {Dynamics of Conformity},
    journal =      { Social Dynamics, Chapter 5},
    year =         {2001}
}

@article{ethnic,
    author =       {Erez Hatna and Itzhak Benenson},
    title =        {The Schelling Model of Ethnic Residential Dynamics: Beyond the Integrated - Segregated Dichotomy of Patterns},
    journal =      { Journal  of  Artificial  Societies  and  Social  Simulation},
    volume =       {15},
    year =         {2012},
    DOI =          {10.18564/jasss.1873},
    URL =          {http://jasss.soc.surrey.ac.uk/15/1/6.html\#schelling1971}
}

@article{AWealthandStatus-BasedModelofResidentialSegregation,
    author =       {Stephen Benard and Robb Willer},
    title =        {A Wealth and Status-Based Model of Residential Segregation Residential Dynamics: Beyond the Integrated - Segregated Dichotomy of Patterns},
    journal =      { The Journal of Mathematical Sociology},
    volume =       {32},
    year =         {2007},
    URL =          {http://www.tandfonline.com/doi/full/10.1080/00222500601188486}
}

@article{parable,
    author =       {LAURA BLISS},
    title =        {Parable of the Polygons},
    year =         {2014},
    URL =          {http://www.citylab.com/design/2014/12/an-immersive-game-shows-\ how-easily-segregation-arisesand-how-we-might-fix-it/383586/}
}

@article{BDD_fig,
    author =       {Wikipedia},
    title =        {BDT and Truth Table Figure},
    URL =          {https://en.wikipedia.org/wiki/Binary\_decision\_diagram\#/media/File:BDD.png}
}

@article{ROBDD,
    author =       {Wikipedia},
    title =        {Reduced Ordered Binary Decision Diagram Figure},
    URL =          {https://en.wikipedia.org/wiki/Binary\_decision\_diagram\#/media/File:BDD\_simple.svg}
}

@article{LTL,
    author =       {Wikipedia},
    title =        {Linear temporal logic (LTL)},
    URL =          {https://en.wikipedia.org/wiki/Linear\_temporal\_logic}
}

@article{CTL,
    author =       {Wikipedia},
    title =        {Computation tree logic (CTL)},
    URL =          {https://en.wikipedia.org/wiki/Computation\_tree\_logic}
}

@article{Python,
    author =       {Wikipedia},
    title =        {Python - programming language},
    URL =          {https://en.wikipedia.org/wiki/Python\_(programming\_language)}
}

@article{nazi,
    author =       {Wikipedia},
    title =        {Racial policy of Nazi Germany},
    URL =          {https://en.wikipedia.org/wiki/Racial\_policy\_of\_Nazi\_Germany}
}


@article{bahraini,
    author =       {Wikipedia},
    title =        {Human Rights in Bahrain},
    URL =          {https://en.wikipedia.org/wiki/Human\_rights\_in\_Bahrain}
}

@article{policymaking,
    author =       {PolicyStudies},
    title =         {The Centre for Policy Studies},
    URL =          {http://www.cps.org.uk/}
}

@article{ctl_picture,
    author =       {B. Srivathsan},
    title =        {Unit-9: Computation Tree Logic},
    URL =          {http://www.cmi.ac.in/~sri/Courses/MC2015/Slides/Unit9-Module3.pdf}
}

@article{modelchecker_picture,
    author =       {Figure},
    title =        {Inside a Model Checker},
    URL =          {http://csrc.nist.gov/groups/SNS/acts/documents/auto-test--tutorial.pdf}
}

@article{StateExplosionProblem,
    author =       {Edmund M. Clarke and William Klieber and Milos Novacek and Paolo Zuliani},
    title =        {Model Checking and the State Explosion Problem},
    year =         {2012},
    DOI =          {10.1007/978-3-642-35746-6_1},
    URL =          {http://pm.inf.ethz.ch/publications/getpdf.php?bibname=Own&id=Novacek12.pdf}
}

\end{filecontents*}


